<record><leader>00000cas a22000007a 4500</leader><controlfield tag="001">21357817</controlfield><controlfield tag="008">900411d18591869mnuwr ne      0    0eng d</controlfield><datafield ind1=" " ind2=" " tag="010"><subfield code="a">sn 89081077 </subfield></datafield><datafield ind1=" " ind2=" " tag="040"><subfield code="a">MN#</subfield><subfield code="b">eng</subfield><subfield code="c">MN#</subfield><subfield code="d">OCL</subfield><subfield code="d">OCLCQ</subfield><subfield code="d">OCLCF</subfield><subfield code="d">OCLCO</subfield></datafield><datafield ind1=" " ind2=" " tag="042"><subfield code="a">msc</subfield></datafield><datafield ind1=" " ind2=" " tag="043"><subfield code="a">n-us-mn</subfield></datafield><datafield ind1=" " ind2=" " tag="052"><subfield code="a">4144</subfield><subfield code="b">M3</subfield></datafield><datafield ind1=" " ind2=" " tag="052"><subfield code="a">4144</subfield><subfield code="b">B6</subfield></datafield><datafield ind1="0" ind2="4" tag="245"><subfield code="a">The Mankato weekly record.</subfield></datafield><datafield ind1="1" ind2="3" tag="246"><subfield code="a">Mankato record</subfield></datafield><datafield ind1=" " ind2=" " tag="260"><subfield code="a">Mankato, Minn. :</subfield><subfield code="b">John C. Wise,</subfield><subfield code="c">1859-1869.</subfield></datafield><datafield ind1=" " ind2=" " tag="300"><subfield code="a">11 v.</subfield></datafield><datafield ind1=" " ind2=" " tag="310"><subfield code="a">Weekly</subfield></datafield><datafield ind1="0" ind2=" " tag="362"><subfield code="a">Vol. 1, no. 1 (July 5, 1859)-v. 1, no. 52 (June 26, 1860) ; &lt;Jan. 29, 1861&gt;-v. 11, no. 2 (July 10, 1869).</subfield></datafield><datafield ind1=" " ind2=" " tag="515"><subfield code="a">Publication suspended June 26, 1860; resumed Jan. 29, 1861?</subfield></datafield><datafield ind1=" " ind2=" " tag="530"><subfield code="a">Available on microfilm from the Minnesota Historical Society.</subfield></datafield><datafield ind1=" " ind2="0" tag="651"><subfield code="a">Mankato (Minn.)</subfield><subfield code="v">Newspapers.</subfield></datafield><datafield ind1=" " ind2="7" tag="655"><subfield code="a">Newspapers.</subfield><subfield code="2">fast</subfield><subfield code="0">(OCoLC)fst01423814</subfield></datafield><datafield ind1=" " ind2="7" tag="651"><subfield code="a">Minnesota</subfield><subfield code="z">Mankato.</subfield><subfield code="2">fast</subfield><subfield code="0">(OCoLC)fst01208513</subfield></datafield><datafield ind1=" " ind2=" " tag="752"><subfield code="a">United States</subfield><subfield code="b">Minnesota</subfield><subfield code="c">Blue Earth</subfield><subfield code="d">Mankato.</subfield></datafield><datafield ind1="0" ind2=" " tag="775"><subfield code="t">Mankato semi-weekly record</subfield><subfield code="g">Jan. 29, 1861-Dec. 27, 1862</subfield><subfield code="w">(DLC)sn 84031609</subfield></datafield><datafield ind1="0" ind2="5" tag="780"><subfield code="t">Mankato semi-weekly record</subfield><subfield code="w">(DLC)sn 84031609</subfield></datafield><datafield ind1="0" ind2="0" tag="785"><subfield code="t">Mankato record</subfield><subfield code="w">(DLC)sn 83025280</subfield></datafield></record>